@article{Zhang.2016,
  author    = {Richard Zhang and
               Phillip Isola and
               Alexei A. Efros},
  title     = {Colorful Image Colorization},
  journal   = {CoRR},
  volume    = {abs/1603.08511},
  year      = {2016},
  url       = {http://arxiv.org/abs/1603.08511},
  archivePrefix = {arXiv},
  eprint    = {1603.08511},
  timestamp = {Wed, 14 Aug 2019 08:23:33 +0200},
  biburl    = {https://dblp.org/rec/journals/corr/ZhangIE16.bib},
  bibsource = {dblp computer science bibliography, https://dblp.org}
}

@online{Brownlee.2019,
  author = {Jason Brownlee},
  title = {How to Load Large Datasets From Directories for Deep Learning in Keras},
  year = 2019,
  url = {https://machinelearningmastery.com/how-to-load-large-datasets-from-directories-for-deep-learning-with-keras/},
  urldate = {2020-02-17}
}

@misc{chollet2015keras,
  title={Keras},
  author={Chollet, Fran\c{c}ois and others},
  year={2015},
  howpublished={\url{https://keras.io}},
}

@online{Almubarak.2018,
  author = {Haidar Almubarak},
  title = {Changing color space (HSV, LAB â€¦) while reading from directory in Keras},
  year = 2018,
  url = {https://medium.com/@halmubarak/changing-color-space-hsv-lab-while-reading-from-directory-in-keras-c8ca243e2d57},
  urldate = {2020-02-17}
}

@article{vanderWalt2014,
  doi = {10.7717/peerj.453},
  url = {https://doi.org/10.7717/peerj.453},
  year = {2014},
  month = jun,
  publisher = {{PeerJ}},
  volume = {2},
  pages = {e453},
  author = {St{\'{e}}fan van der Walt and Johannes L. Sch\"{o}nberger and Juan Nunez-Iglesias and Fran{\c{c}}ois Boulogne and Joshua D. Warner and Neil Yager and Emmanuelle Gouillart and Tony Yu},
  title = {scikit-image: image processing in Python},
  journal = {{PeerJ}}
}

@online{scikit-image,
  title = {Module: color rgb2lab - skimage v0.17.dev0 docs},
  year = 2019,
  url = {https://scikit-image.org/docs/dev/api/skimage.color.html#skimage.color.rgb2lab},
  urldate = {2020-02-18}
}

@online{buffon.2018,
title = {GitHub: xahidbuffon/rgb-lab-conv}
year = 2018
url = {https://github.com/xahidbuffon/rgb-lab-conv/blob/master/rgb_lab_formulation.py}
urldata = {2020-02-15}
}

@online{Rosebrock.2019,
  author = {Adrian Rosebrock},
  title = {Keras vs. tf.keras: What's the difference in TensorFlow 2.0?},
  year = 2019,
  url = {https://www.pyimagesearch.com/2019/10/21/keras-vs-tf-keras-whats-the-difference-in-tensorflow-2-0/},
  urldate = {2020-02-17}
}

@book{holdroyd2019,
  title={TensorFlow 2.0 Quick Start Guide: Get up to speed with the newly introduced features of TensorFlow 2.0},
  author={Holdroyd, T.},
  isbn={9781789536966},
  url={https://books.google.de/books?id=l86PDwAAQBAJ},
  year={2019},
  publisher={Packt Publishing}
}
